@inproceedings{bove2009brief,
  title={A brief overview of Agda--a functional language with dependent types},
  author={Bove, Ana and Dybjer, Peter and Norell, Ulf},
  booktitle={International Conference on Theorem Proving in Higher Order Logics},
  pages={73--78},
  year={2009},
  organization={Springer}
}

@article{botta2021extensional,
  title={Extensional equality preservation and verified generic programming},
  author={Botta, Nicola and Brede, Nuria and Jansson, Patrik and Richter, Tim},
  journal={Journal of Functional Programming},
  volume={31},
  year={2021},
  publisher={Cambridge University Press}
}

@article{bird1984promotion,
  title={The promotion and accumulation strategies in transformational programming},
  author={Bird, Richard S.},
  journal={ACM Transactions on Programming Languages and Systems (TOPLAS)},
  volume={6},
  number={4},
  pages={487--504},
  year={1984},
  publisher={ACM New York, NY, USA}
}

@article{pettorossi1993rules,
  title={Rules and strategies for program transformation},
  author={Pettorossi, Alberto and Proietti, Maurizio},
  journal={Formal Program Development},
  pages={263--304},
  year={1993},
  publisher={Springer}
}

@inproceedings{bird1996algebra,
  title={The algebra of programming},
  author={Bird, Richard and De Moor, Oege},
  booktitle={NATO ASI DPD},
  pages={167--203},
  year={1996}
}

@inproceedings{mu2008algebra,
  title={Algebra of programming using dependent types},
  author={Mu, Shin-Cheng and Ko, Hsiang-Shang and Jansson, Patrik},
  booktitle={International Conference on Mathematics of Program Construction},
  pages={268--283},
  year={2008},
  organization={Springer}
}

@article{Gibbons_2021,
	doi = {10.22152/programming-journal.org/2022/6/7},
	url = {https://doi.org/10.22152%2Fprogramming-journal.org%2F2022%2F6%2F7},
	year = 2021,
	month = {nov},
	publisher = {Aspect-Oriented Software Association ({AOSA})},
	volume = {6},
	number = {2},
	author = {Jeremy Gibbons},
	title = {Continuation-Passing Style, Defunctionalization, Accumulations, and Associativity},
	journal = {The Art, Science, and Engineering of Programming}
}

@article{wadler1987concatenate,
  title={The concatenate vanishes},
  author={Wadler, Philip},
  journal={Note, University of Glasgow},
  year={1987}
}

@inproceedings{wadler1988deforestation,
  title={Deforestation: Transforming programs to eliminate trees},
  author={Wadler, Philip},
  booktitle={European Symposium on Programming},
  pages={344--358},
  year={1988},
  organization={Springer}
}

@article{hughes1986novel,
  title={A novel representation of lists and its application to the function “reverse”},
  author={Hughes, R John Muir},
  journal={Information processing letters},
  volume={22},
  number={3},
  pages={141--144},
  year={1986},
  publisher={Elsevier}
}


@article{voigtlander2002concatenate,
  title={Concatenate, reverse and map vanish for free},
  author={Voigtl{\"a}nder, Janis},
  journal={ACM SIGPLAN Notices},
  volume={37},
  number={9},
  pages={14--25},
  year={2002},
  publisher={ACM New York, NY, USA}
}


@article{boiten1991many,
  title={The many disguises of accumulation},
  author={Boiten, Eerke Albert},
  year={1991},
  publisher={Dept. of Informatics, University of Nijmegen}
}

@inproceedings{abdali1984generalization,
  title={Generalization heuristics for theorems related to recursively defined functions},
  author={Abdali, S Kamal and Vytopil, Jan},
  booktitle={Proceedings of the Fourth AAAI Conference on Artificial Intelligence},
  pages={1--5},
  year={1984}
}


@article{hu1999calculating,
  title={Calculating accumulations},
  author={Hu, Zhenjiang and Iwasaki, Hideya and Takeichi, Masato},
  journal={New Generation Computing},
  volume={17},
  number={2},
  pages={153--173},
  year={1999},
  publisher={Springer}
}

@article{bauer2003compilation,
  title={Compilation of functional programming languages using GCC—Tail calls},
  author={Bauer, Andreas},
  journal={Master's thesis, Institut f{\"u}r Informatik, Technische Universit{\"a}t M{\"u}nchen, Germany},
  year={2003}
}

@article{dybjer1994inductive,
  title={Inductive families},
  author={Dybjer, Peter},
  journal={Formal aspects of computing},
  volume={6},
  number={4},
  pages={440--465},
  year={1994},
  publisher={Springer}
}

@inproceedings{wadler2018programming,
  title={Programming language foundations in agda},
  author={Wadler, Philip},
  booktitle={Brazilian Symposium on Formal Methods},
  pages={56--73},
  year={2018},
  organization={Springer}
}


@article{hutton1999tutorial,
  title={A tutorial on the universality and expressiveness of fold},
  author={Hutton, Graham},
  journal={Journal of Functional Programming},
  volume={9},
  number={4},
  pages={355--372},
  year={1999},
  publisher={Cambridge University Press}
}

@inproceedings{meijer1991functional,
  title={Functional programming with bananas, lenses, envelopes and barbed wire},
  author={Meijer, Erik and Fokkinga, Maarten and Paterson, Ross},
  booktitle={Conference on functional programming languages and computer architecture},
  pages={124--144},
  year={1991},
  organization={Springer}
}


@article{vezzosi2021cubical,
  title={Cubical Agda: A dependently typed programming language with univalence and higher inductive types},
  author={Vezzosi, Andrea and M{\"o}rtberg, Anders and Abel, Andreas},
  journal={Journal of Functional Programming},
  volume={31},
  year={2021},
  publisher={Cambridge University Press}
}


@book{rubio2017introduction,
  title={Introduction to recursive programming},
  author={Rubio-S{\'a}nchez, Manuel},
  year={2017},
  publisher={CRC Press}
}
